%% This BibTeX bibliography file was created using BibDesk.
%% http://bibdesk.sourceforge.net/


%% Created for Marcus Gomes at 2015-08-26 16:18:21 +0100


%% Saved with string encoding Unicode (UTF-8)



@article{atzori2010internet,
	Author = {Atzori, Luigi and Iera, Antonio and Morabito, Giacomo},
	Date-Added = {2015-08-26 15:18:18 +0000},
	Date-Modified = {2015-08-26 15:18:18 +0000},
	Journal = {Computer networks},
	Number = {15},
	Pages = {2787--2805},
	Publisher = {Elsevier},
	Title = {The internet of things: A survey},
	Volume = {54},
	Year = {2010}}

@article{armbrust2010view,
	Author = {Armbrust, Michael and Fox, Armando and Griffith, Rean and Joseph, Anthony D and Katz, Randy and Konwinski, Andy and Lee, Gunho and Patterson, David and Rabkin, Ariel and Stoica, Ion and others},
	Date-Added = {2015-08-26 14:37:31 +0000},
	Date-Modified = {2015-08-26 14:37:31 +0000},
	Journal = {Communications of the ACM},
	Number = {4},
	Pages = {50--58},
	Publisher = {ACM},
	Title = {A view of cloud computing},
	Volume = {53},
	Year = {2010}}

@incollection{mattern2010internet,
	Author = {Mattern, Friedemann and Floerkemeier, Christian},
	Booktitle = {From active data management to event-based systems and more},
	Date-Added = {2015-08-25 15:27:11 +0000},
	Date-Modified = {2015-08-25 15:27:11 +0000},
	Pages = {242--259},
	Publisher = {Springer},
	Title = {From the Internet of Computers to the Internet of Things},
	Year = {2010}}

@article{caceres2012ubicomp,
	Author = {C{\'a}ceres, Ram{\'o}n and Friday, Adrian},
	Date-Added = {2015-08-25 15:13:34 +0000},
	Date-Modified = {2015-08-25 15:13:34 +0000},
	Journal = {IEEE Pervasive Computing},
	Number = {1},
	Pages = {14--21},
	Publisher = {Citeseer},
	Title = {Ubicomp systems at 20: progress, opportunities, and challenges},
	Volume = {11},
	Year = {2012}}

@article{gubbi2013internet,
	Author = {Gubbi, Jayavardhana and Buyya, Rajkumar and Marusic, Slaven and Palaniswami, Marimuthu},
	Date-Added = {2015-08-25 14:58:38 +0000},
	Date-Modified = {2015-08-25 14:58:38 +0000},
	Journal = {Future Generation Computer Systems},
	Number = {7},
	Pages = {1645--1660},
	Publisher = {Elsevier},
	Title = {Internet of Things (IoT): A vision, architectural elements, and future directions},
	Volume = {29},
	Year = {2013},
	Bdsk-File-1 = {YnBsaXN0MDDUAQIDBAUGJCVYJHZlcnNpb25YJG9iamVjdHNZJGFyY2hpdmVyVCR0b3ASAAGGoKgHCBMUFRYaIVUkbnVsbNMJCgsMDxJXTlMua2V5c1pOUy5vYmplY3RzViRjbGFzc6INDoACgAOiEBGABIAFgAdccmVsYXRpdmVQYXRoWWFsaWFzRGF0YV8Qay4uLy4uLy4uLy4uLy4uLy4uL0xpYnJhcnkvTW9iaWxlIERvY3VtZW50cy9jb21+YXBwbGV+Q2xvdWREb2NzL01hc3RlciBUaGVzaXMvUGFwZXJzL0d1YmJpX0lvVF8xMjA3LjAyMDMucGRm0hcLGBlXTlMuZGF0YU8RAiIAAAAAAiIAAgAADE1hY2ludG9zaCBIRAAAAAAAAAAAAAAAAAAAANBnJ2BIKwAAACXjkxdHdWJiaV9Jb1RfMTIwNy4wMjAzLnBkZgAAAAAAAAAAAAAAAAAAAAAAAAAAAAAAAAAAAAAAAAAAAAAAAAAAAAAAJhaN0H5bnQAAAAAAAAAAAAYABgAACSAAAAAAAAAAAAAAAAAAAAAGUGFwZXJzABAACAAA0GcZUAAAABEACAAA0H5bnQAAAAEAHAAl45MAJeNJAAYxYAAGL7kABigJAAYoBAACk6EAAgB6TWFjaW50b3NoIEhEOlVzZXJzOgBNYXJjdXM6AExpYnJhcnk6AE1vYmlsZSBEb2N1bWVudHM6AGNvbX5hcHBsZX5DbG91ZERvY3M6AE1hc3RlciBUaGVzaXM6AFBhcGVyczoAR3ViYmlfSW9UXzEyMDcuMDIwMy5wZGYADgAwABcARwB1AGIAYgBpAF8ASQBvAFQAXwAxADIAMAA3AC4AMAAyADAAMwAuAHAAZABmAA8AGgAMAE0AYQBjAGkAbgB0AG8AcwBoACAASABEABIAZlVzZXJzL01hcmN1cy9MaWJyYXJ5L01vYmlsZSBEb2N1bWVudHMvY29tfmFwcGxlfkNsb3VkRG9jcy9NYXN0ZXIgVGhlc2lzL1BhcGVycy9HdWJiaV9Jb1RfMTIwNy4wMjAzLnBkZgATAAEvAAAVAAIADf//AACABtIbHB0eWiRjbGFzc25hbWVYJGNsYXNzZXNdTlNNdXRhYmxlRGF0YaMdHyBWTlNEYXRhWE5TT2JqZWN00hscIiNcTlNEaWN0aW9uYXJ5oiIgXxAPTlNLZXllZEFyY2hpdmVy0SYnVHJvb3SAAQAIABEAGgAjAC0AMgA3AEAARgBNAFUAYABnAGoAbABuAHEAcwB1AHcAhACOAPwBAQEJAy8DMQM2A0EDSgNYA1wDYwNsA3EDfgOBA5MDlgObAAAAAAAAAgEAAAAAAAAAKAAAAAAAAAAAAAAAAAAAA50=}}

@article{weiser1991computer,
	Author = {Weiser, Mark},
	Date-Added = {2015-08-25 14:26:01 +0000},
	Date-Modified = {2015-08-25 14:26:01 +0000},
	Journal = {Scientific american},
	Number = {3},
	Pages = {94--104},
	Publisher = {Nature Publishing Group},
	Title = {The computer for the 21st century},
	Volume = {265},
	Year = {1991}}
