@misc{johndoe,
    author = {{John Doe}},
    title = {{Unknown}},
}
