%% This BibTeX bibliography file was created using BibDesk.
%% http://bibdesk.sourceforge.net/


%% Created for Marcus Gomes at 2014-11-18 16:10:33 +0000


%% Saved with string encoding Unicode (UTF-8)



@article{breitenbucher2014combining,
	Author = {Breitenb{\"u}cher, Uwe and Binz, Tobias and K{\'e}pes, K{\'a}lm{\'a}n and Kopp, Oliver and Leymann, Frank and Wettinger, Johannes},
	Date-Added = {2014-11-18 15:36:52 +0000},
	Date-Modified = {2014-11-18 15:36:52 +0000},
	Journal = {IC2E. IEEE},
	Title = {Combining Declarative and Imperative Cloud Application Provisioning based on TOSCA},
	Year = {2014},
	Bdsk-File-1 = {YnBsaXN0MDDUAQIDBAUGJCVYJHZlcnNpb25YJG9iamVjdHNZJGFyY2hpdmVyVCR0b3ASAAGGoKgHCBMUFRYaIVUkbnVsbNMJCgsMDxJXTlMua2V5c1pOUy5vYmplY3RzViRjbGFzc6INDoACgAOiEBGABIAFgAdccmVsYXRpdmVQYXRoWWFsaWFzRGF0YV8QVy4uLy4uLy4uL0xpYnJhcnkvTW9iaWxlIERvY3VtZW50cy9jb21+YXBwbGV+Q2xvdWREb2NzL01hc3RlciBUaGVzaXMvUGFwZXJzLzA2OTAzNDYxLnBkZtIXCxgZV05TLmRhdGFPEQH4AAAAAAH4AAIAAAxNYWNpbnRvc2ggSEQAAAAAAAAAAAAAAAAAAADQZydgSCsAAAAl45MMMDY5MDM0NjEucGRmAAAAAAAAAAAAAAAAAAAAAAAAAAAAAAAAAAAAAAAAAAAAAAAAAAAAAAAAAAAAAAAAAAAAADO5sdCLkc4AAAAAAAAAAAADAAYAAAkgAAAAAAAAAAAAAAAAAAAABlBhcGVycwAQAAgAANBnGVAAAAARAAgAANCLkc4AAAABABwAJeOTACXjSQAGMWAABi+5AAYoCQAGKAQAApOhAAIAb01hY2ludG9zaCBIRDpVc2VyczoATWFyY3VzOgBMaWJyYXJ5OgBNb2JpbGUgRG9jdW1lbnRzOgBjb21+YXBwbGV+Q2xvdWREb2NzOgBNYXN0ZXIgVGhlc2lzOgBQYXBlcnM6ADA2OTAzNDYxLnBkZgAADgAaAAwAMAA2ADkAMAAzADQANgAxAC4AcABkAGYADwAaAAwATQBhAGMAaQBuAHQAbwBzAGgAIABIAEQAEgBbVXNlcnMvTWFyY3VzL0xpYnJhcnkvTW9iaWxlIERvY3VtZW50cy9jb21+YXBwbGV+Q2xvdWREb2NzL01hc3RlciBUaGVzaXMvUGFwZXJzLzA2OTAzNDYxLnBkZgAAEwABLwAAFQACAA3//wAAgAbSGxwdHlokY2xhc3NuYW1lWCRjbGFzc2VzXU5TTXV0YWJsZURhdGGjHR8gVk5TRGF0YVhOU09iamVjdNIbHCIjXE5TRGljdGlvbmFyeaIiIF8QD05TS2V5ZWRBcmNoaXZlctEmJ1Ryb290gAEACAARABoAIwAtADIANwBAAEYATQBVAGAAZwBqAGwAbgBxAHMAdQB3AIQAjgDoAO0A9QLxAvMC+AMDAwwDGgMeAyUDLgMzA0ADQwNVA1gDXQAAAAAAAAIBAAAAAAAAACgAAAAAAAAAAAAAAAAAAANf}}

@inproceedings{li2013efficient,
	Author = {Li, Fei and V{\"o}gler, Michael and Clae{\ss}ens, Markus and Dustdar, Schahram},
	Booktitle = {Cloud Computing (CLOUD), 2013 IEEE Sixth International Conference on},
	Date-Added = {2014-11-18 15:36:16 +0000},
	Date-Modified = {2014-11-18 15:36:16 +0000},
	Organization = {IEEE},
	Pages = {740--747},
	Title = {Efficient and scalable IoT service delivery on Cloud},
	Year = {2013},
	Bdsk-File-1 = {YnBsaXN0MDDUAQIDBAUGJCVYJHZlcnNpb25YJG9iamVjdHNZJGFyY2hpdmVyVCR0b3ASAAGGoKgHCBMUFRYaIVUkbnVsbNMJCgsMDxJXTlMua2V5c1pOUy5vYmplY3RzViRjbGFzc6INDoACgAOiEBGABIAFgAdccmVsYXRpdmVQYXRoWWFsaWFzRGF0YV8Qdi4uLy4uLy4uL0xpYnJhcnkvTW9iaWxlIERvY3VtZW50cy9jb21+YXBwbGV+Q2xvdWREb2NzL01hc3RlciBUaGVzaXMvUGFwZXJzL0NMT1VEIDIwMTMgRi4gTGkgRWZmaWNpZW50IGFuZCBTY2FsYWJsZS5wZGbSFwsYGVdOUy5kYXRhTxECZgAAAAACZgACAAAMTWFjaW50b3NoIEhEAAAAAAAAAAAAAAAAAAAA0GcnYEgrAAAAJeOTH0NMT1VEIDIwMTMgRi4gTGkgRWZmIzJERENGQy5wZGYAAAAAAAAAAAAAAAAAAAAAAAAAAAAAAAAAAAAAAAAAAAAt3PzQhlrnAAAAAAAAAAAAAwAGAAAJIAAAAAAAAAAAAAAAAAAAAAZQYXBlcnMAEAAIAADQZxlQAAAAEQAIAADQhlrnAAAAAQAcACXjkwAl40kABjFgAAYvuQAGKAkABigEAAKToQACAIJNYWNpbnRvc2ggSEQ6VXNlcnM6AE1hcmN1czoATGlicmFyeToATW9iaWxlIERvY3VtZW50czoAY29tfmFwcGxlfkNsb3VkRG9jczoATWFzdGVyIFRoZXNpczoAUGFwZXJzOgBDTE9VRCAyMDEzIEYuIExpIEVmZiMyRERDRkMucGRmAA4AWAArAEMATABPAFUARAAgADIAMAAxADMAIABGAC4AIABMAGkAIABFAGYAZgBpAGMAaQBlAG4AdAAgAGEAbgBkACAAUwBjAGEAbABhAGIAbABlAC4AcABkAGYADwAaAAwATQBhAGMAaQBuAHQAbwBzAGgAIABIAEQAEgB6VXNlcnMvTWFyY3VzL0xpYnJhcnkvTW9iaWxlIERvY3VtZW50cy9jb21+YXBwbGV+Q2xvdWREb2NzL01hc3RlciBUaGVzaXMvUGFwZXJzL0NMT1VEIDIwMTMgRi4gTGkgRWZmaWNpZW50IGFuZCBTY2FsYWJsZS5wZGYAEwABLwAAFQACAA3//wAAgAbSGxwdHlokY2xhc3NuYW1lWCRjbGFzc2VzXU5TTXV0YWJsZURhdGGjHR8gVk5TRGF0YVhOU09iamVjdNIbHCIjXE5TRGljdGlvbmFyeaIiIF8QD05TS2V5ZWRBcmNoaXZlctEmJ1Ryb290gAEACAARABoAIwAtADIANwBAAEYATQBVAGAAZwBqAGwAbgBxAHMAdQB3AIQAjgEHAQwBFAN+A4ADhQOQA5kDpwOrA7IDuwPAA80D0APiA+UD6gAAAAAAAAIBAAAAAAAAACgAAAAAAAAAAAAAAAAAAAPs}}

@inproceedings{guinard2011cloud,
	Author = {Guinard, Dominique and Floerkemeier, Christian and Sarma, Sanjay},
	Booktitle = {Proceedings of the Second International Workshop on Web of Things},
	Date-Added = {2014-11-18 15:35:41 +0000},
	Date-Modified = {2014-11-18 15:35:41 +0000},
	Organization = {ACM},
	Pages = {9},
	Title = {Cloud computing, REST and mashups to simplify RFID application development and deployment},
	Year = {2011},
	Bdsk-File-1 = {YnBsaXN0MDDUAQIDBAUGJCVYJHZlcnNpb25YJG9iamVjdHNZJGFyY2hpdmVyVCR0b3ASAAGGoKgHCBMUFRYaIVUkbnVsbNMJCgsMDxJXTlMua2V5c1pOUy5vYmplY3RzViRjbGFzc6INDoACgAOiEBGABIAFgAdccmVsYXRpdmVQYXRoWWFsaWFzRGF0YV8QGy4uLy4uL1BhcGVycy9hOS1ndWluYXJkLnBkZtIXCxgZV05TLmRhdGFPEQGOAAAAAAGOAAIAAAxNYWNpbnRvc2ggSEQAAAAAAAAAAAAAAAAAAADQZydgSCsAAAA5TiUOYTktZ3VpbmFyZC5wZGYAAAAAAAAAAAAAAAAAAAAAAAAAAAAAAAAAAAAAAAAAAAAAAAAAAAAAAAAAAAAAAAAAACitTNCBrXEAAAAAAAAAAAACAAIAAAkgAAAAAAAAAAAAAAAAAAAABlBhcGVycwAQAAgAANBnGVAAAAARAAgAANCBrXEAAAABABAAOU4lAAYoBQAGKAQAApOhAAIAPU1hY2ludG9zaCBIRDpVc2VyczoATWFyY3VzOgBEb2N1bWVudHM6AFBhcGVyczoAYTktZ3VpbmFyZC5wZGYAAA4AHgAOAGEAOQAtAGcAdQBpAG4AYQByAGQALgBwAGQAZgAPABoADABNAGEAYwBpAG4AdABvAHMAaAAgAEgARAASACxVc2Vycy9NYXJjdXMvRG9jdW1lbnRzL1BhcGVycy9hOS1ndWluYXJkLnBkZgATAAEvAAAVAAIADf//AACABtIbHB0eWiRjbGFzc25hbWVYJGNsYXNzZXNdTlNNdXRhYmxlRGF0YaMdHyBWTlNEYXRhWE5TT2JqZWN00hscIiNcTlNEaWN0aW9uYXJ5oiIgXxAPTlNLZXllZEFyY2hpdmVy0SYnVHJvb3SAAQAIABEAGgAjAC0AMgA3AEAARgBNAFUAYABnAGoAbABuAHEAcwB1AHcAhACOAKwAsQC5AksCTQJSAl0CZgJ0AngCfwKIAo0CmgKdAq8CsgK3AAAAAAAAAgEAAAAAAAAAKAAAAAAAAAAAAAAAAAAAArk=}}

@inproceedings{distefano2012enabling,
	Author = {Distefano, Salvatore and Merlino, Giovanni and Puliafito, Antonio},
	Booktitle = {Innovative Mobile and Internet Services in Ubiquitous Computing (IMIS), 2012 Sixth International Conference on},
	Date-Added = {2014-11-18 15:35:08 +0000},
	Date-Modified = {2014-11-18 15:35:08 +0000},
	Organization = {IEEE},
	Pages = {858--863},
	Title = {Enabling the cloud of things},
	Year = {2012},
	Bdsk-File-1 = {YnBsaXN0MDDUAQIDBAUGJCVYJHZlcnNpb25YJG9iamVjdHNZJGFyY2hpdmVyVCR0b3ASAAGGoKgHCBMUFRYaIVUkbnVsbNMJCgsMDxJXTlMua2V5c1pOUy5vYmplY3RzViRjbGFzc6INDoACgAOiEBGABIAFgAdccmVsYXRpdmVQYXRoWWFsaWFzRGF0YV8QVy4uLy4uLy4uL0xpYnJhcnkvTW9iaWxlIERvY3VtZW50cy9jb21+YXBwbGV+Q2xvdWREb2NzL01hc3RlciBUaGVzaXMvUGFwZXJzLzA2Mjk2OTY2LnBkZtIXCxgZV05TLmRhdGFPEQH4AAAAAAH4AAIAAAxNYWNpbnRvc2ggSEQAAAAAAAAAAAAAAAAAAADQZydgSCsAAAAl45MMMDYyOTY5NjYucGRmAAAAAAAAAAAAAAAAAAAAAAAAAAAAAAAAAAAAAAAAAAAAAAAAAAAAAAAAAAAAAAAAAAAAACib2dCBq4sAAAAAAAAAAAADAAYAAAkgAAAAAAAAAAAAAAAAAAAABlBhcGVycwAQAAgAANBnGVAAAAARAAgAANCBq4sAAAABABwAJeOTACXjSQAGMWAABi+5AAYoCQAGKAQAApOhAAIAb01hY2ludG9zaCBIRDpVc2VyczoATWFyY3VzOgBMaWJyYXJ5OgBNb2JpbGUgRG9jdW1lbnRzOgBjb21+YXBwbGV+Q2xvdWREb2NzOgBNYXN0ZXIgVGhlc2lzOgBQYXBlcnM6ADA2Mjk2OTY2LnBkZgAADgAaAAwAMAA2ADIAOQA2ADkANgA2AC4AcABkAGYADwAaAAwATQBhAGMAaQBuAHQAbwBzAGgAIABIAEQAEgBbVXNlcnMvTWFyY3VzL0xpYnJhcnkvTW9iaWxlIERvY3VtZW50cy9jb21+YXBwbGV+Q2xvdWREb2NzL01hc3RlciBUaGVzaXMvUGFwZXJzLzA2Mjk2OTY2LnBkZgAAEwABLwAAFQACAA3//wAAgAbSGxwdHlokY2xhc3NuYW1lWCRjbGFzc2VzXU5TTXV0YWJsZURhdGGjHR8gVk5TRGF0YVhOU09iamVjdNIbHCIjXE5TRGljdGlvbmFyeaIiIF8QD05TS2V5ZWRBcmNoaXZlctEmJ1Ryb290gAEACAARABoAIwAtADIANwBAAEYATQBVAGAAZwBqAGwAbgBxAHMAdQB3AIQAjgDoAO0A9QLxAvMC+AMDAwwDGgMeAyUDLgMzA0ADQwNVA1gDXQAAAAAAAAIBAAAAAAAAACgAAAAAAAAAAAAAAAAAAANf}}

@inproceedings{li2013towards,
	Author = {Li, Fei and Vogler, Michael and Clae{\ss}ens, Markus and Dustdar, Schahram},
	Booktitle = {Service-Oriented Computing and Applications (SOCA), 2013 IEEE 6th International Conference on},
	Date-Added = {2014-11-18 15:34:31 +0000},
	Date-Modified = {2014-11-18 15:34:31 +0000},
	Organization = {IEEE},
	Pages = {61--68},
	Title = {Towards Automated IoT Application Deployment by a Cloud-based Approach},
	Year = {2013},
	Bdsk-File-1 = {YnBsaXN0MDDUAQIDBAUGJCVYJHZlcnNpb25YJG9iamVjdHNZJGFyY2hpdmVyVCR0b3ASAAGGoKgHCBMUFRYaIVUkbnVsbNMJCgsMDxJXTlMua2V5c1pOUy5vYmplY3RzViRjbGFzc6INDoACgAOiEBGABIAFgAdccmVsYXRpdmVQYXRoWWFsaWFzRGF0YV8QVC4uLy4uLy4uL0xpYnJhcnkvTW9iaWxlIERvY3VtZW50cy9jb21+YXBwbGV+Q2xvdWREb2NzL01hc3RlciBUaGVzaXMvUGFwZXJzL3Rvc2NhLnBkZtIXCxgZV05TLmRhdGFPEQHqAAAAAAHqAAIAAAxNYWNpbnRvc2ggSEQAAAAAAAAAAAAAAAAAAADQZydgSCsAAAAl45MJdG9zY2EucGRmAAAAAAAAAAAAAAAAAAAAAAAAAAAAAAAAAAAAAAAAAAAAAAAAAAAAAAAAAAAAAAAAAAAAAAAAACzfYNCBnTcAAAAAAAAAAAADAAYAAAkgAAAAAAAAAAAAAAAAAAAABlBhcGVycwAQAAgAANBnGVAAAAARAAgAANCBnTcAAAABABwAJeOTACXjSQAGMWAABi+5AAYoCQAGKAQAApOhAAIAbE1hY2ludG9zaCBIRDpVc2VyczoATWFyY3VzOgBMaWJyYXJ5OgBNb2JpbGUgRG9jdW1lbnRzOgBjb21+YXBwbGV+Q2xvdWREb2NzOgBNYXN0ZXIgVGhlc2lzOgBQYXBlcnM6AHRvc2NhLnBkZgAOABQACQB0AG8AcwBjAGEALgBwAGQAZgAPABoADABNAGEAYwBpAG4AdABvAHMAaAAgAEgARAASAFhVc2Vycy9NYXJjdXMvTGlicmFyeS9Nb2JpbGUgRG9jdW1lbnRzL2NvbX5hcHBsZX5DbG91ZERvY3MvTWFzdGVyIFRoZXNpcy9QYXBlcnMvdG9zY2EucGRmABMAAS8AABUAAgAN//8AAIAG0hscHR5aJGNsYXNzbmFtZVgkY2xhc3Nlc11OU011dGFibGVEYXRhox0fIFZOU0RhdGFYTlNPYmplY3TSGxwiI1xOU0RpY3Rpb25hcnmiIiBfEA9OU0tleWVkQXJjaGl2ZXLRJidUcm9vdIABAAgAEQAaACMALQAyADcAQABGAE0AVQBgAGcAagBsAG4AcQBzAHUAdwCEAI4A5QDqAPIC4ALiAucC8gL7AwkDDQMUAx0DIgMvAzIDRANHA0wAAAAAAAACAQAAAAAAAAAoAAAAAAAAAAAAAAAAAAADTg==}}

@article{gubbi2013internet,
	Author = {Gubbi, Jayavardhana and Buyya, Rajkumar and Marusic, Slaven and Palaniswami, Marimuthu},
	Date-Added = {2014-11-18 15:33:31 +0000},
	Date-Modified = {2014-11-18 15:33:31 +0000},
	Journal = {Future Generation Computer Systems},
	Number = {7},
	Pages = {1645--1660},
	Publisher = {Elsevier},
	Title = {Internet of Things (IoT): A vision, architectural elements, and future directions},
	Volume = {29},
	Year = {2013},
	Bdsk-File-1 = {YnBsaXN0MDDUAQIDBAUGJCVYJHZlcnNpb25YJG9iamVjdHNZJGFyY2hpdmVyVCR0b3ASAAGGoKgHCBMUFRYaIVUkbnVsbNMJCgsMDxJXTlMua2V5c1pOUy5vYmplY3RzViRjbGFzc6INDoACgAOiEBGABIAFgAdccmVsYXRpdmVQYXRoWWFsaWFzRGF0YV8QYi4uLy4uLy4uL0xpYnJhcnkvTW9iaWxlIERvY3VtZW50cy9jb21+YXBwbGV+Q2xvdWREb2NzL01hc3RlciBUaGVzaXMvUGFwZXJzL0d1YmJpX0lvVF8xMjA3LjAyMDMucGRm0hcLGBlXTlMuZGF0YU8RAiIAAAAAAiIAAgAADE1hY2ludG9zaCBIRAAAAAAAAAAAAAAAAAAAANBnJ2BIKwAAACXjkxdHdWJiaV9Jb1RfMTIwNy4wMjAzLnBkZgAAAAAAAAAAAAAAAAAAAAAAAAAAAAAAAAAAAAAAAAAAAAAAAAAAAAAAJhaN0H5bnQAAAAAAAAAAAAMABgAACSAAAAAAAAAAAAAAAAAAAAAGUGFwZXJzABAACAAA0GcZUAAAABEACAAA0H5bnQAAAAEAHAAl45MAJeNJAAYxYAAGL7kABigJAAYoBAACk6EAAgB6TWFjaW50b3NoIEhEOlVzZXJzOgBNYXJjdXM6AExpYnJhcnk6AE1vYmlsZSBEb2N1bWVudHM6AGNvbX5hcHBsZX5DbG91ZERvY3M6AE1hc3RlciBUaGVzaXM6AFBhcGVyczoAR3ViYmlfSW9UXzEyMDcuMDIwMy5wZGYADgAwABcARwB1AGIAYgBpAF8ASQBvAFQAXwAxADIAMAA3AC4AMAAyADAAMwAuAHAAZABmAA8AGgAMAE0AYQBjAGkAbgB0AG8AcwBoACAASABEABIAZlVzZXJzL01hcmN1cy9MaWJyYXJ5L01vYmlsZSBEb2N1bWVudHMvY29tfmFwcGxlfkNsb3VkRG9jcy9NYXN0ZXIgVGhlc2lzL1BhcGVycy9HdWJiaV9Jb1RfMTIwNy4wMjAzLnBkZgATAAEvAAAVAAIADf//AACABtIbHB0eWiRjbGFzc25hbWVYJGNsYXNzZXNdTlNNdXRhYmxlRGF0YaMdHyBWTlNEYXRhWE5TT2JqZWN00hscIiNcTlNEaWN0aW9uYXJ5oiIgXxAPTlNLZXllZEFyY2hpdmVy0SYnVHJvb3SAAQAIABEAGgAjAC0AMgA3AEAARgBNAFUAYABnAGoAbABuAHEAcwB1AHcAhACOAPMA+AEAAyYDKAMtAzgDQQNPA1MDWgNjA2gDdQN4A4oDjQOSAAAAAAAAAgEAAAAAAAAAKAAAAAAAAAAAAAAAAAAAA5Q=}}

@inproceedings{petrolo2014towards,
	Author = {Petrolo, Riccardo and Loscr{\`\i}, Valeria and Mitton, Nathalie},
	Booktitle = {Proceedings of the 2014 ACM international workshop on Wireless and mobile technologies for smart cities},
	Date-Added = {2014-11-18 15:32:24 +0000},
	Date-Modified = {2014-11-18 15:32:24 +0000},
	Organization = {ACM},
	Pages = {61--66},
	Title = {Towards a smart city based on cloud of things},
	Year = {2014},
	Bdsk-File-1 = {YnBsaXN0MDDUAQIDBAUGJCVYJHZlcnNpb25YJG9iamVjdHNZJGFyY2hpdmVyVCR0b3ASAAGGoKgHCBMUFRYaIVUkbnVsbNMJCgsMDxJXTlMua2V5c1pOUy5vYmplY3RzViRjbGFzc6INDoACgAOiEBGABIAFgAdccmVsYXRpdmVQYXRoWWFsaWFzRGF0YV8QWi4uLy4uLy4uL0xpYnJhcnkvTW9iaWxlIERvY3VtZW50cy9jb21+YXBwbGV+Q2xvdWREb2NzL01hc3RlciBUaGVzaXMvUGFwZXJzL3A2MS1wZXRyb2xvLnBkZtIXCxgZV05TLmRhdGFPEQICAAAAAAICAAIAAAxNYWNpbnRvc2ggSEQAAAAAAAAAAAAAAAAAAADQZydgSCsAAAAl45MPcDYxLXBldHJvbG8ucGRmAAAAAAAAAAAAAAAAAAAAAAAAAAAAAAAAAAAAAAAAAAAAAAAAAAAAAAAAAAAAAAAAACYJJ9B/tMQAAAAAAAAAAAADAAYAAAkgAAAAAAAAAAAAAAAAAAAABlBhcGVycwAQAAgAANBnGVAAAAARAAgAANB/tMQAAAABABwAJeOTACXjSQAGMWAABi+5AAYoCQAGKAQAApOhAAIAck1hY2ludG9zaCBIRDpVc2VyczoATWFyY3VzOgBMaWJyYXJ5OgBNb2JpbGUgRG9jdW1lbnRzOgBjb21+YXBwbGV+Q2xvdWREb2NzOgBNYXN0ZXIgVGhlc2lzOgBQYXBlcnM6AHA2MS1wZXRyb2xvLnBkZgAOACAADwBwADYAMQAtAHAAZQB0AHIAbwBsAG8ALgBwAGQAZgAPABoADABNAGEAYwBpAG4AdABvAHMAaAAgAEgARAASAF5Vc2Vycy9NYXJjdXMvTGlicmFyeS9Nb2JpbGUgRG9jdW1lbnRzL2NvbX5hcHBsZX5DbG91ZERvY3MvTWFzdGVyIFRoZXNpcy9QYXBlcnMvcDYxLXBldHJvbG8ucGRmABMAAS8AABUAAgAN//8AAIAG0hscHR5aJGNsYXNzbmFtZVgkY2xhc3Nlc11OU011dGFibGVEYXRhox0fIFZOU0RhdGFYTlNPYmplY3TSGxwiI1xOU0RpY3Rpb25hcnmiIiBfEA9OU0tleWVkQXJjaGl2ZXLRJidUcm9vdIABAAgAEQAaACMALQAyADcAQABGAE0AVQBgAGcAagBsAG4AcQBzAHUAdwCEAI4A6wDwAPgC/gMAAwUDEAMZAycDKwMyAzsDQANNA1ADYgNlA2oAAAAAAAACAQAAAAAAAAAoAAAAAAAAAAAAAAAAAAADbA==}}

@inproceedings{zhou2013cloudthings,
	Author = {Zhou, Jiehan and Leppanen, Teemu and Harjula, Erkki and Ylianttila, Mika and Ojala, Timo and Yu, Chen and Jin, Hai},
	Booktitle = {Computer Supported Cooperative Work in Design (CSCWD), 2013 IEEE 17th International Conference on},
	Date-Added = {2014-11-18 15:28:18 +0000},
	Date-Modified = {2014-11-18 15:28:18 +0000},
	Organization = {IEEE},
	Pages = {651--657},
	Title = {Cloudthings: A common architecture for integrating the internet of things with cloud computing},
	Year = {2013},
	Bdsk-File-1 = {YnBsaXN0MDDUAQIDBAUGJCVYJHZlcnNpb25YJG9iamVjdHNZJGFyY2hpdmVyVCR0b3ASAAGGoKgHCBMUFRYaIVUkbnVsbNMJCgsMDxJXTlMua2V5c1pOUy5vYmplY3RzViRjbGFzc6INDoACgAOiEBGABIAFgAdccmVsYXRpdmVQYXRoWWFsaWFzRGF0YV8QHS4uLy4uL1BhcGVycy9jbG91ZC10aGluZ3MucGRm0hcLGBlXTlMuZGF0YU8RAZYAAAAAAZYAAgAADE1hY2ludG9zaCBIRAAAAAAAAAAAAAAAAAAAANBnJ2BIKwAAADlOJRBjbG91ZC10aGluZ3MucGRmAAAAAAAAAAAAAAAAAAAAAAAAAAAAAAAAAAAAAAAAAAAAAAAAAAAAAAAAAAAAAAAAN/so0H+zuwAAAAAAAAAAAAIAAgAACSAAAAAAAAAAAAAAAAAAAAAGUGFwZXJzABAACAAA0GcZUAAAABEACAAA0H+zuwAAAAEAEAA5TiUABigFAAYoBAACk6EAAgA/TWFjaW50b3NoIEhEOlVzZXJzOgBNYXJjdXM6AERvY3VtZW50czoAUGFwZXJzOgBjbG91ZC10aGluZ3MucGRmAAAOACIAEABjAGwAbwB1AGQALQB0AGgAaQBuAGcAcwAuAHAAZABmAA8AGgAMAE0AYQBjAGkAbgB0AG8AcwBoACAASABEABIALlVzZXJzL01hcmN1cy9Eb2N1bWVudHMvUGFwZXJzL2Nsb3VkLXRoaW5ncy5wZGYAEwABLwAAFQACAA3//wAAgAbSGxwdHlokY2xhc3NuYW1lWCRjbGFzc2VzXU5TTXV0YWJsZURhdGGjHR8gVk5TRGF0YVhOU09iamVjdNIbHCIjXE5TRGljdGlvbmFyeaIiIF8QD05TS2V5ZWRBcmNoaXZlctEmJ1Ryb290gAEACAARABoAIwAtADIANwBAAEYATQBVAGAAZwBqAGwAbgBxAHMAdQB3AIQAjgCuALMAuwJVAlcCXAJnAnACfgKCAokCkgKXAqQCpwK5ArwCwQAAAAAAAAIBAAAAAAAAACgAAAAAAAAAAAAAAAAAAALD}}
