%% This BibTeX bibliography file was created using BibDesk.
%% http://bibdesk.sourceforge.net/


%% Created for Marcus Gomes at 2015-08-25 15:26:53 +0100 


%% Saved with string encoding Unicode (UTF-8) 



@article{Merkel,
	Acmid = {2600241},
	Address = {Houston, TX},
	Articleno = {2},
	Author = {Merkel, Dirk},
	Date-Added = {2015-06-02 11:08:20 +0000},
	Date-Modified = {2015-06-02 11:08:20 +0000},
	Issn = {1075-3583},
	Issue_Date = {March 2014},
	Journal = {Linux J.},
	Month = mar,
	Number = {239},
	Publisher = {Belltown Media},
	Title = {Docker: Lightweight Linux Containers for Consistent Development and Deployment},
	Url = {http://dl.acm.org/citation.cfm?id=2600239.2600241},
	Volume = {2014},
	Year = {2014},
	Bdsk-Url-1 = {http://dl.acm.org/citation.cfm?id=2600239.2600241}}

@article{zachman1987framework,
	Author = {Zachman, John A},
	Date-Added = {2015-01-09 20:39:42 +0000},
	Date-Modified = {2015-01-09 20:39:42 +0000},
	Journal = {IBM systems journal},
	Number = {3},
	Pages = {276--292},
	Publisher = {IBM},
	Title = {A framework for information systems architecture},
	Volume = {26},
	Year = {1987}}

@article{mell2011nist,
	Author = {Mell, Peter and Grance, Tim},
	Date-Added = {2015-01-07 12:07:08 +0000},
	Date-Modified = {2015-01-07 12:07:08 +0000},
	Publisher = {Computer Security Division, Information Technology Laboratory, National Institute of Standards and Technology},
	Title = {The NIST definition of cloud computing},
	Year = {2011}}

@article{tennenhouse2000proactive,
	Author = {Tennenhouse, David},
	Date-Added = {2015-01-06 20:27:09 +0000},
	Date-Modified = {2015-01-06 20:27:09 +0000},
	Journal = {Communications of the ACM},
	Number = {5},
	Pages = {43--50},
	Publisher = {ACM},
	Title = {Proactive computing},
	Volume = {43},
	Year = {2000}}

@mastersthesis{Correia:Thesis:2014,
	Address = {Portugal},
	Author = {Nuno Correia},
	School = {Instituto Superior T\'{e}cnico},
	Title = {{RFIDToys: A Flexible Testbed Framework for RFID Systems}},
	Year = {2014}}

@incollection{floerkemeier2004issues,
	Author = {Floerkemeier, Christian and Lampe, Matthias},
	Booktitle = {Pervasive Computing},
	Date-Added = {2014-12-11 14:59:20 +0000},
	Date-Modified = {2014-12-11 14:59:20 +0000},
	Pages = {188--193},
	Publisher = {Springer},
	Title = {Issues with {RFID} usage in ubiquitous computing applications},
	Year = {2004}}

@article{atzori2010internet,
	Author = {Atzori, Luigi and Iera, Antonio and Morabito, Giacomo},
	Date-Added = {2014-12-10 18:04:07 +0000},
	Date-Modified = {2014-12-10 18:04:07 +0000},
	Journal = {Computer networks},
	Number = {15},
	Pages = {2787--2805},
	Publisher = {Elsevier},
	Title = {The internet of things: A survey},
	Volume = {54},
	Year = {2010}}

@article{zeng2004qos,
	Author = {Zeng, Liangzhao and Benatallah, Boualem and Ngu, Anne HH and Dumas, Marlon and Kalagnanam, Jayant and Chang, Henry},
	Date-Added = {2014-12-10 16:36:38 +0000},
	Date-Modified = {2014-12-10 16:36:38 +0000},
	Journal = {Software Engineering, IEEE Transactions on},
	Number = {5},
	Pages = {311--327},
	Publisher = {IEEE},
	Title = {Qo{S}-aware middleware for web services composition},
	Volume = {30},
	Year = {2004}}

@article{o2002s,
	Author = {O'Sullivan, Justin and Edmond, David and Ter Hofstede, Arthur},
	Date-Added = {2014-12-10 15:47:52 +0000},
	Date-Modified = {2014-12-10 15:47:52 +0000},
	Journal = {Distributed and Parallel Databases},
	Number = {2-3},
	Pages = {117--133},
	Publisher = {Springer},
	Title = {What's in a Service?},
	Volume = {12},
	Year = {2002}}

@incollection{mattern2010internet,
	Author = {Mattern, Friedemann and Floerkemeier, Christian},
	Booktitle = {From active data management to event-based systems and more},
	Date-Added = {2014-12-09 20:57:24 +0000},
	Date-Modified = {2014-12-09 20:57:24 +0000},
	Pages = {242--259},
	Publisher = {Springer},
	Title = {From the Internet of Computers to the Internet of Things},
	Year = {2010}}

@book{greenfield2010everyware,
	Author = {Greenfield, Adam},
	Date-Added = {2014-12-09 17:41:06 +0000},
	Date-Modified = {2014-12-09 17:41:06 +0000},
	Publisher = {New Riders},
	Title = {Everyware: The dawning age of ubiquitous computing},
	Year = {2010}}

@article{weiser1991computer,
	Author = {Weiser, Mark},
	Date-Added = {2014-12-09 17:08:29 +0000},
	Date-Modified = {2014-12-09 17:08:29 +0000},
	Journal = {Scientific american},
	Number = {3},
	Pages = {94--104},
	Publisher = {Nature Publishing Group},
	Title = {The computer for the 21st century},
	Volume = {265},
	Year = {1991}}

@incollection{rogers2006moving,
	Author = {Rogers, Yvonne},
	Booktitle = {UbiComp 2006: Ubiquitous Computing},
	Date-Added = {2014-12-09 16:40:30 +0000},
	Date-Modified = {2014-12-09 16:40:30 +0000},
	Pages = {404--421},
	Publisher = {Springer},
	Title = {Moving on from weiser's vision of calm computing: Engaging ubicomp experiences},
	Year = {2006}}

@article{caceres2012ubicomp,
	Author = {C{\'a}ceres, Ram{\'o}n and Friday, Adrian},
	Date-Added = {2014-12-09 16:36:02 +0000},
	Date-Modified = {2014-12-09 16:36:02 +0000},
	Journal = {IEEE Pervasive Computing},
	Number = {1},
	Pages = {14--21},
	Publisher = {Citeseer},
	Title = {Ubicomp systems at 20: progress, opportunities, and challenges},
	Volume = {11},
	Year = {2012}}

@article{weiser1999origins,
	Author = {Weiser, Mark and Gold, Rich and Brown, John Seely},
	Date-Added = {2014-12-09 15:37:20 +0000},
	Date-Modified = {2014-12-09 15:37:20 +0000},
	Journal = {IBM systems journal},
	Number = {4},
	Pages = {693--696},
	Title = {The origins of ubiquitous computing research at PARC in the late 1980s},
	Volume = {38},
	Year = {1999}}

@article{vaquero2008break,
	Author = {Vaquero, Luis M and Rodero-Merino, Luis and Caceres, Juan and Lindner, Maik},
	Date-Added = {2014-12-07 22:47:06 +0000},
	Date-Modified = {2014-12-07 22:47:06 +0000},
	Journal = {ACM SIGCOMM Computer Communication Review},
	Number = {1},
	Pages = {50--55},
	Publisher = {ACM},
	Title = {A break in the clouds: towards a cloud definition},
	Volume = {39},
	Year = {2008}}

@inproceedings{zhang2010cloud,
	Author = {Zhang, Shuai and Zhang, Shufen and Chen, Xuebin and Huo, Xiuzhen},
	Booktitle = {Future Networks, 2010. ICFN'10. Second International Conference on},
	Date-Added = {2014-12-07 22:33:33 +0000},
	Date-Modified = {2014-12-07 22:33:33 +0000},
	Organization = {IEEE},
	Pages = {93--97},
	Title = {Cloud computing research and development trend},
	Year = {2010}}

@article{sotomayor2009virtual,
	Author = {Sotomayor, Borja and Montero, Rub{\'e}n S and Llorente, Ignacio M and Foster, Ian},
	Date-Added = {2014-12-07 21:27:30 +0000},
	Date-Modified = {2014-12-07 21:27:30 +0000},
	Journal = {Internet Computing, IEEE},
	Number = {5},
	Pages = {14--22},
	Publisher = {IEEE},
	Title = {Virtual infrastructure management in private and hybrid clouds},
	Volume = {13},
	Year = {2009}}

@inproceedings{tsai2010service,
	Author = {Tsai, Wei-Tek and Sun, Xin and Balasooriya, Janaka},
	Booktitle = {Information Technology: New Generations (ITNG), 2010 Seventh International Conference on},
	Date-Added = {2014-12-07 20:54:03 +0000},
	Date-Modified = {2014-12-07 20:54:03 +0000},
	Organization = {IEEE},
	Pages = {684--689},
	Title = {Service-oriented cloud computing architecture},
	Year = {2010}}

@article{buyya2009cloud,
	Author = {Buyya, Rajkumar and Yeo, Chee Shin and Venugopal, Srikumar and Broberg, James and Brandic, Ivona},
	Date-Added = {2014-12-07 19:47:17 +0000},
	Date-Modified = {2014-12-07 19:47:17 +0000},
	Journal = {Future Generation computer systems},
	Number = {6},
	Pages = {599--616},
	Publisher = {Elsevier},
	Title = {Cloud computing and emerging {IT} platforms: Vision, hype, and reality for delivering computing as the 5th utility},
	Volume = {25},
	Year = {2009}}

@article{armbrust2009m,
	Author = {Armbrust, Michael and Fox, O and Griffith, Rean and Joseph, Anthony D and Katz, Y and Konwinski, Andy and Lee, Gunho and Patterson, David and Rabkin, Ariel and Stoica, Ion and others},
	Date-Added = {2014-12-05 20:32:08 +0000},
	Date-Modified = {2014-12-05 20:32:08 +0000},
	Publisher = {Citeseer},
	Title = {M.: Above the clouds: A Berkeley view of cloud computing},
	Year = {2009}}

@incollection{wang2006bridging,
	Author = {Wang, Fusheng and Liu, Shaorong and Liu, Peiya and Bai, Yijian},
	Booktitle = {Advances in Database Technology-EDBT 2006},
	Date-Added = {2014-12-05 18:01:18 +0000},
	Date-Modified = {2014-12-05 18:01:18 +0000},
	Pages = {588--607},
	Publisher = {Springer},
	Title = {Bridging physical and virtual worlds: complex event processing for {RFID} data streams},
	Year = {2006}}

@inproceedings{breitenbucher2013policy,
	Author = {Breitenb{\"u}cher, Uwe and Binz, Tobias and Kopp, Oliver and Leymann, Frank and Wieland, Matthias},
	Booktitle = {SECURWARE 2013, The Seventh International Conference on Emerging Security Information, Systems and Technologies},
	Date-Added = {2014-12-04 11:46:32 +0000},
	Date-Modified = {2014-12-04 11:46:32 +0000},
	Pages = {86--95},
	Title = {Policy-aware provisioning of cloud applications},
	Year = {2013}}

@article{breitenbucher2014policy,
	Author = {Breitenb{\"u}cher, Uwe and Binz, Tobias and Fehling, Christoph and Kopp, Oliver and Leymann, Frank and Wieland, Matthias},
	Date-Added = {2014-12-04 10:57:10 +0000},
	Date-Modified = {2014-12-04 10:57:10 +0000},
	Journal = {International Journal On Advances in Security},
	Number = {1 and 2},
	Pages = {15--36},
	Title = {Policy-Aware Provisioning and Management of Cloud Applications},
	Volume = {7},
	Year = {2014}}

@inproceedings{emeakaroha2010low,
	Author = {Emeakaroha, Vincent C and Brandic, Ivona and Maurer, Michael and Dustdar, Schahram},
	Booktitle = {High Performance Computing and Simulation (HPCS), 2010 International Conference on},
	Date-Added = {2014-12-03 10:43:12 +0000},
	Date-Modified = {2014-12-03 10:43:12 +0000},
	Organization = {IEEE},
	Pages = {48--54},
	Title = {Low level metrics to high level SLAs-LoM2HiS framework: Bridging the gap between monitored metrics and {SLA} parameters in cloud environments},
	Year = {2010}}

@book{cook2004smart,
	Author = {Cook, Diane and Das, Sajal},
	Date-Added = {2014-12-02 16:12:48 +0000},
	Date-Modified = {2014-12-02 16:12:48 +0000},
	Publisher = {John Wiley \& Sons},
	Title = {Smart environments: technology, protocols and applications},
	Volume = {43},
	Year = {2004}}

@inproceedings{breitenbucher2014vinothek,
	Author = {Breitenb{\"u}cher, Uwe and Binz, Tobias and Kopp, Oliver and Leymann, Frank},
	Booktitle = {Workshop Proceedings},
	Date-Added = {2014-11-25 12:49:05 +0000},
	Date-Modified = {2014-11-25 12:49:05 +0000},
	Pages = {72},
	Title = {Vinothek--A Self-Service Portal for TOSCA},
	Year = {2014}}

@inproceedings{Winery,
	Author = {Oliver Kopp and Tobias Binz and Uwe Breitenb\"{u}cher and Frank Leymann},
	Booktitle = {11\textsuperscript{th} International Conference on Service-Oriented Computing},
	Date-Added = {2014-11-25 12:16:07 +0000},
	Date-Modified = {2014-11-25 12:16:07 +0000},
	Publisher = {Springer},
	Series = {LNCS},
	Title = {{Winery} -- Modeling Tool for {TOSCA}-based Cloud Applications},
	Year = {2013}}

@inproceedings{OpenTOSCA,
	Author = {Tobias Binz and Uwe Breitenb\"{u}cher and Florian Haupt and Oliver Kopp and Frank Leymann and Alexander Nowak and Sebastian Wagner},
	Booktitle = {11\textsuperscript{th} International Conference on Service-Oriented Computing},
	Date-Added = {2014-11-25 01:14:27 +0000},
	Date-Modified = {2014-11-25 01:14:27 +0000},
	Publisher = {Springer},
	Series = {LNCS},
	Title = {{OpenTOSCA} -- A Runtime for {TOSCA}-based Cloud Applications},
	Year = {2013}}

@inproceedings{waizenegger2013policy4tosca,
	Author = {Waizenegger, Tim and Wieland, Matthias and Binz, Tobias and Breitenb{\"u}cher, Uwe and Haupt, Florian and Kopp, Oliver and Leymann, Frank and Mitschang, Bernhard and Nowak, Alexander and Wagner, Sebastian},
	Booktitle = {On the Move to Meaningful Internet Systems: OTM 2013 Conferences},
	Date-Added = {2014-11-24 23:08:45 +0000},
	Date-Modified = {2014-11-24 23:08:45 +0000},
	Organization = {Springer},
	Pages = {360--376},
	Title = {Policy4TOSCA: A Policy-Aware Cloud Service Provisioning Approach to Enable Secure Cloud Computing},
	Year = {2013}}

@book{Uckelmann:2011:AIT:2018904,
	Author = {Uckelmann, Dieter and Harrison, Mark and Michahelles, Florian},
	Date-Added = {2014-11-24 19:34:28 +0000},
	Date-Modified = {2014-11-24 19:34:28 +0000},
	Edition = {1st},
	Isbn = {3642191568, 9783642191565},
	Publisher = {Springer Publishing Company},
	Title = {Architecting the Internet of Things},
	Year = {2011}}

@article{breitenbucher2014combining,
	Author = {Breitenb{\"u}cher, Uwe and Binz, Tobias and K{\'e}pes, K{\'a}lm{\'a}n and Kopp, Oliver and Leymann, Frank and Wettinger, Johannes},
	Date-Added = {2014-11-18 15:36:52 +0000},
	Date-Modified = {2014-11-18 15:36:52 +0000},
	Journal = {IC2E. IEEE},
	Title = {Combining Declarative and Imperative Cloud Application Provisioning based on {TOSCA}},
	Year = {2014},
	Bdsk-File-1 = {YnBsaXN0MDDUAQIDBAUGJCVYJHZlcnNpb25YJG9iamVjdHNZJGFyY2hpdmVyVCR0b3ASAAGGoKgHCBMUFRYaIVUkbnVsbNMJCgsMDxJXTlMua2V5c1pOUy5vYmplY3RzViRjbGFzc6INDoACgAOiEBGABIAFgAdccmVsYXRpdmVQYXRoWWFsaWFzRGF0YV8QXS4uLy4uLy4uLy4uLy4uL0xpYnJhcnkvTW9iaWxlIERvY3VtZW50cy9jb21+YXBwbGV+Q2xvdWREb2NzL01hc3RlciBUaGVzaXMvUGFwZXJzLzA2OTAzNDYxLnBkZtIXCxgZV05TLmRhdGFPEQH4AAAAAAH4AAIAAAxNYWNpbnRvc2ggSEQAAAAAAAAAAAAAAAAAAADQZydgSCsAAAAl45MMMDY5MDM0NjEucGRmAAAAAAAAAAAAAAAAAAAAAAAAAAAAAAAAAAAAAAAAAAAAAAAAAAAAAAAAAAAAAAAAAAAAADO5sdCLkc4AAAAAAAAAAAAFAAYAAAkgAAAAAAAAAAAAAAAAAAAABlBhcGVycwAQAAgAANBnGVAAAAARAAgAANCLkc4AAAABABwAJeOTACXjSQAGMWAABi+5AAYoCQAGKAQAApOhAAIAb01hY2ludG9zaCBIRDpVc2VyczoATWFyY3VzOgBMaWJyYXJ5OgBNb2JpbGUgRG9jdW1lbnRzOgBjb21+YXBwbGV+Q2xvdWREb2NzOgBNYXN0ZXIgVGhlc2lzOgBQYXBlcnM6ADA2OTAzNDYxLnBkZgAADgAaAAwAMAA2ADkAMAAzADQANgAxAC4AcABkAGYADwAaAAwATQBhAGMAaQBuAHQAbwBzAGgAIABIAEQAEgBbVXNlcnMvTWFyY3VzL0xpYnJhcnkvTW9iaWxlIERvY3VtZW50cy9jb21+YXBwbGV+Q2xvdWREb2NzL01hc3RlciBUaGVzaXMvUGFwZXJzLzA2OTAzNDYxLnBkZgAAEwABLwAAFQACAA3//wAAgAbSGxwdHlokY2xhc3NuYW1lWCRjbGFzc2VzXU5TTXV0YWJsZURhdGGjHR8gVk5TRGF0YVhOU09iamVjdNIbHCIjXE5TRGljdGlvbmFyeaIiIF8QD05TS2V5ZWRBcmNoaXZlctEmJ1Ryb290gAEACAARABoAIwAtADIANwBAAEYATQBVAGAAZwBqAGwAbgBxAHMAdQB3AIQAjgDuAPMA+wL3AvkC/gMJAxIDIAMkAysDNAM5A0YDSQNbA14DYwAAAAAAAAIBAAAAAAAAACgAAAAAAAAAAAAAAAAAAANl}}

@inproceedings{li2013efficient,
	Author = {Li, Fei and V{\"o}gler, Michael and Clae{\ss}ens, Markus and Dustdar, Schahram},
	Booktitle = {Cloud Computing (CLOUD), 2013 IEEE Sixth International Conference on},
	Date-Added = {2014-11-18 15:36:16 +0000},
	Date-Modified = {2014-11-18 15:36:16 +0000},
	Organization = {IEEE},
	Pages = {740--747},
	Title = {Efficient and scalable {IoT} service delivery on Cloud},
	Year = {2013},
	Bdsk-File-1 = {YnBsaXN0MDDUAQIDBAUGJCVYJHZlcnNpb25YJG9iamVjdHNZJGFyY2hpdmVyVCR0b3ASAAGGoKgHCBMUFRYaIVUkbnVsbNMJCgsMDxJXTlMua2V5c1pOUy5vYmplY3RzViRjbGFzc6INDoACgAOiEBGABIAFgAdccmVsYXRpdmVQYXRoWWFsaWFzRGF0YV8QfC4uLy4uLy4uLy4uLy4uL0xpYnJhcnkvTW9iaWxlIERvY3VtZW50cy9jb21+YXBwbGV+Q2xvdWREb2NzL01hc3RlciBUaGVzaXMvUGFwZXJzL0NMT1VEIDIwMTMgRi4gTGkgRWZmaWNpZW50IGFuZCBTY2FsYWJsZS5wZGbSFwsYGVdOUy5kYXRhTxECZgAAAAACZgACAAAMTWFjaW50b3NoIEhEAAAAAAAAAAAAAAAAAAAA0GcnYEgrAAAAJeOTH0NMT1VEIDIwMTMgRi4gTGkgRWZmIzJERENGQy5wZGYAAAAAAAAAAAAAAAAAAAAAAAAAAAAAAAAAAAAAAAAAAAAt3PzQhlrnAAAAAAAAAAAABQAGAAAJIAAAAAAAAAAAAAAAAAAAAAZQYXBlcnMAEAAIAADQZxlQAAAAEQAIAADQhlrnAAAAAQAcACXjkwAl40kABjFgAAYvuQAGKAkABigEAAKToQACAIJNYWNpbnRvc2ggSEQ6VXNlcnM6AE1hcmN1czoATGlicmFyeToATW9iaWxlIERvY3VtZW50czoAY29tfmFwcGxlfkNsb3VkRG9jczoATWFzdGVyIFRoZXNpczoAUGFwZXJzOgBDTE9VRCAyMDEzIEYuIExpIEVmZiMyRERDRkMucGRmAA4AWAArAEMATABPAFUARAAgADIAMAAxADMAIABGAC4AIABMAGkAIABFAGYAZgBpAGMAaQBlAG4AdAAgAGEAbgBkACAAUwBjAGEAbABhAGIAbABlAC4AcABkAGYADwAaAAwATQBhAGMAaQBuAHQAbwBzAGgAIABIAEQAEgB6VXNlcnMvTWFyY3VzL0xpYnJhcnkvTW9iaWxlIERvY3VtZW50cy9jb21+YXBwbGV+Q2xvdWREb2NzL01hc3RlciBUaGVzaXMvUGFwZXJzL0NMT1VEIDIwMTMgRi4gTGkgRWZmaWNpZW50IGFuZCBTY2FsYWJsZS5wZGYAEwABLwAAFQACAA3//wAAgAbSGxwdHlokY2xhc3NuYW1lWCRjbGFzc2VzXU5TTXV0YWJsZURhdGGjHR8gVk5TRGF0YVhOU09iamVjdNIbHCIjXE5TRGljdGlvbmFyeaIiIF8QD05TS2V5ZWRBcmNoaXZlctEmJ1Ryb290gAEACAARABoAIwAtADIANwBAAEYATQBVAGAAZwBqAGwAbgBxAHMAdQB3AIQAjgENARIBGgOEA4YDiwOWA58DrQOxA7gDwQPGA9MD1gPoA+sD8AAAAAAAAAIBAAAAAAAAACgAAAAAAAAAAAAAAAAAAAPy}}

@inproceedings{guinard2011cloud,
	Author = {Guinard, Dominique and Floerkemeier, Christian and Sarma, Sanjay},
	Booktitle = {Proceedings of the Second International Workshop on Web of Things},
	Date-Added = {2014-11-18 15:35:41 +0000},
	Date-Modified = {2014-11-18 15:35:41 +0000},
	Organization = {ACM},
	Pages = {9},
	Title = {Cloud computing, {REST} and mashups to simplify {RFID} application development and deployment},
	Year = {2011},
	Bdsk-File-1 = {YnBsaXN0MDDUAQIDBAUGJCVYJHZlcnNpb25YJG9iamVjdHNZJGFyY2hpdmVyVCR0b3ASAAGGoKgHCBMUFRYaIVUkbnVsbNMJCgsMDxJXTlMua2V5c1pOUy5vYmplY3RzViRjbGFzc6INDoACgAOiEBGABIAFgAdccmVsYXRpdmVQYXRoWWFsaWFzRGF0YV8QLi4uLy4uLy4uLy4uLy4uL0RvY3VtZW50cy9QYXBlcnMvYTktZ3VpbmFyZC5wZGbSFwsYGVdOUy5kYXRhTxEBjgAAAAABjgACAAAMTWFjaW50b3NoIEhEAAAAAAAAAAAAAAAAAAAA0GcnYEgrAAAAOU4lDmE5LWd1aW5hcmQucGRmAAAAAAAAAAAAAAAAAAAAAAAAAAAAAAAAAAAAAAAAAAAAAAAAAAAAAAAAAAAAAAAAAAAorUzQga1xAAAAAAAAAAAABQADAAAJIAAAAAAAAAAAAAAAAAAAAAZQYXBlcnMAEAAIAADQZxlQAAAAEQAIAADQga1xAAAAAQAQADlOJQAGKAUABigEAAKToQACAD1NYWNpbnRvc2ggSEQ6VXNlcnM6AE1hcmN1czoARG9jdW1lbnRzOgBQYXBlcnM6AGE5LWd1aW5hcmQucGRmAAAOAB4ADgBhADkALQBnAHUAaQBuAGEAcgBkAC4AcABkAGYADwAaAAwATQBhAGMAaQBuAHQAbwBzAGgAIABIAEQAEgAsVXNlcnMvTWFyY3VzL0RvY3VtZW50cy9QYXBlcnMvYTktZ3VpbmFyZC5wZGYAEwABLwAAFQACAA3//wAAgAbSGxwdHlokY2xhc3NuYW1lWCRjbGFzc2VzXU5TTXV0YWJsZURhdGGjHR8gVk5TRGF0YVhOU09iamVjdNIbHCIjXE5TRGljdGlvbmFyeaIiIF8QD05TS2V5ZWRBcmNoaXZlctEmJ1Ryb290gAEACAARABoAIwAtADIANwBAAEYATQBVAGAAZwBqAGwAbgBxAHMAdQB3AIQAjgC/AMQAzAJeAmACZQJwAnkChwKLApICmwKgAq0CsALCAsUCygAAAAAAAAIBAAAAAAAAACgAAAAAAAAAAAAAAAAAAALM}}

@inproceedings{distefano2012enabling,
	Author = {Distefano, Salvatore and Merlino, Giovanni and Puliafito, Antonio},
	Booktitle = {Innovative Mobile and Internet Services in Ubiquitous Computing (IMIS), 2012 Sixth International Conference on},
	Date-Added = {2014-11-18 15:35:08 +0000},
	Date-Modified = {2014-11-18 15:35:08 +0000},
	Organization = {IEEE},
	Pages = {858--863},
	Title = {Enabling the cloud of things},
	Year = {2012},
	Bdsk-File-1 = {YnBsaXN0MDDUAQIDBAUGJCVYJHZlcnNpb25YJG9iamVjdHNZJGFyY2hpdmVyVCR0b3ASAAGGoKgHCBMUFRYaIVUkbnVsbNMJCgsMDxJXTlMua2V5c1pOUy5vYmplY3RzViRjbGFzc6INDoACgAOiEBGABIAFgAdccmVsYXRpdmVQYXRoWWFsaWFzRGF0YV8QXS4uLy4uLy4uLy4uLy4uL0xpYnJhcnkvTW9iaWxlIERvY3VtZW50cy9jb21+YXBwbGV+Q2xvdWREb2NzL01hc3RlciBUaGVzaXMvUGFwZXJzLzA2Mjk2OTY2LnBkZtIXCxgZV05TLmRhdGFPEQH4AAAAAAH4AAIAAAxNYWNpbnRvc2ggSEQAAAAAAAAAAAAAAAAAAADQZydgSCsAAAAl45MMMDYyOTY5NjYucGRmAAAAAAAAAAAAAAAAAAAAAAAAAAAAAAAAAAAAAAAAAAAAAAAAAAAAAAAAAAAAAAAAAAAAACib2dCBq4sAAAAAAAAAAAAFAAYAAAkgAAAAAAAAAAAAAAAAAAAABlBhcGVycwAQAAgAANBnGVAAAAARAAgAANCBq4sAAAABABwAJeOTACXjSQAGMWAABi+5AAYoCQAGKAQAApOhAAIAb01hY2ludG9zaCBIRDpVc2VyczoATWFyY3VzOgBMaWJyYXJ5OgBNb2JpbGUgRG9jdW1lbnRzOgBjb21+YXBwbGV+Q2xvdWREb2NzOgBNYXN0ZXIgVGhlc2lzOgBQYXBlcnM6ADA2Mjk2OTY2LnBkZgAADgAaAAwAMAA2ADIAOQA2ADkANgA2AC4AcABkAGYADwAaAAwATQBhAGMAaQBuAHQAbwBzAGgAIABIAEQAEgBbVXNlcnMvTWFyY3VzL0xpYnJhcnkvTW9iaWxlIERvY3VtZW50cy9jb21+YXBwbGV+Q2xvdWREb2NzL01hc3RlciBUaGVzaXMvUGFwZXJzLzA2Mjk2OTY2LnBkZgAAEwABLwAAFQACAA3//wAAgAbSGxwdHlokY2xhc3NuYW1lWCRjbGFzc2VzXU5TTXV0YWJsZURhdGGjHR8gVk5TRGF0YVhOU09iamVjdNIbHCIjXE5TRGljdGlvbmFyeaIiIF8QD05TS2V5ZWRBcmNoaXZlctEmJ1Ryb290gAEACAARABoAIwAtADIANwBAAEYATQBVAGAAZwBqAGwAbgBxAHMAdQB3AIQAjgDuAPMA+wL3AvkC/gMJAxIDIAMkAysDNAM5A0YDSQNbA14DYwAAAAAAAAIBAAAAAAAAACgAAAAAAAAAAAAAAAAAAANl}}

@inproceedings{li2013towards,
	Author = {Li, Fei and Vogler, Michael and Clae{\ss}ens, Markus and Dustdar, Schahram},
	Booktitle = {Service-Oriented Computing and Applications (SOCA), 2013 IEEE 6th International Conference on},
	Date-Added = {2014-11-18 15:34:31 +0000},
	Date-Modified = {2014-11-18 15:34:31 +0000},
	Organization = {IEEE},
	Pages = {61--68},
	Title = {Towards Automated {IoT} Application Deployment by a Cloud-based Approach},
	Year = {2013},
	Bdsk-File-1 = {YnBsaXN0MDDUAQIDBAUGJCVYJHZlcnNpb25YJG9iamVjdHNZJGFyY2hpdmVyVCR0b3ASAAGGoKgHCBMUFRYaIVUkbnVsbNMJCgsMDxJXTlMua2V5c1pOUy5vYmplY3RzViRjbGFzc6INDoACgAOiEBGABIAFgAdccmVsYXRpdmVQYXRoWWFsaWFzRGF0YV8QWi4uLy4uLy4uLy4uLy4uL0xpYnJhcnkvTW9iaWxlIERvY3VtZW50cy9jb21+YXBwbGV+Q2xvdWREb2NzL01hc3RlciBUaGVzaXMvUGFwZXJzL3Rvc2NhLnBkZtIXCxgZV05TLmRhdGFPEQHqAAAAAAHqAAIAAAxNYWNpbnRvc2ggSEQAAAAAAAAAAAAAAAAAAADQZydgSCsAAAAl45MJdG9zY2EucGRmAAAAAAAAAAAAAAAAAAAAAAAAAAAAAAAAAAAAAAAAAAAAAAAAAAAAAAAAAAAAAAAAAAAAAAAAACzfYNCBnTcAAAAAAAAAAAAFAAYAAAkgAAAAAAAAAAAAAAAAAAAABlBhcGVycwAQAAgAANBnGVAAAAARAAgAANCBnTcAAAABABwAJeOTACXjSQAGMWAABi+5AAYoCQAGKAQAApOhAAIAbE1hY2ludG9zaCBIRDpVc2VyczoATWFyY3VzOgBMaWJyYXJ5OgBNb2JpbGUgRG9jdW1lbnRzOgBjb21+YXBwbGV+Q2xvdWREb2NzOgBNYXN0ZXIgVGhlc2lzOgBQYXBlcnM6AHRvc2NhLnBkZgAOABQACQB0AG8AcwBjAGEALgBwAGQAZgAPABoADABNAGEAYwBpAG4AdABvAHMAaAAgAEgARAASAFhVc2Vycy9NYXJjdXMvTGlicmFyeS9Nb2JpbGUgRG9jdW1lbnRzL2NvbX5hcHBsZX5DbG91ZERvY3MvTWFzdGVyIFRoZXNpcy9QYXBlcnMvdG9zY2EucGRmABMAAS8AABUAAgAN//8AAIAG0hscHR5aJGNsYXNzbmFtZVgkY2xhc3Nlc11OU011dGFibGVEYXRhox0fIFZOU0RhdGFYTlNPYmplY3TSGxwiI1xOU0RpY3Rpb25hcnmiIiBfEA9OU0tleWVkQXJjaGl2ZXLRJidUcm9vdIABAAgAEQAaACMALQAyADcAQABGAE0AVQBgAGcAagBsAG4AcQBzAHUAdwCEAI4A6wDwAPgC5gLoAu0C+AMBAw8DEwMaAyMDKAM1AzgDSgNNA1IAAAAAAAACAQAAAAAAAAAoAAAAAAAAAAAAAAAAAAADVA==}}

@article{gubbi2013internet,
	Author = {Gubbi, Jayavardhana and Buyya, Rajkumar and Marusic, Slaven and Palaniswami, Marimuthu},
	Date-Added = {2014-11-18 15:33:31 +0000},
	Date-Modified = {2014-11-18 15:33:31 +0000},
	Journal = {Future Generation Computer Systems},
	Number = {7},
	Pages = {1645--1660},
	Publisher = {Elsevier},
	Title = {Internet of Things (IoT): A vision, architectural elements, and future directions},
	Volume = {29},
	Year = {2013},
	Bdsk-File-1 = {YnBsaXN0MDDUAQIDBAUGJCVYJHZlcnNpb25YJG9iamVjdHNZJGFyY2hpdmVyVCR0b3ASAAGGoKgHCBMUFRYaIVUkbnVsbNMJCgsMDxJXTlMua2V5c1pOUy5vYmplY3RzViRjbGFzc6INDoACgAOiEBGABIAFgAdccmVsYXRpdmVQYXRoWWFsaWFzRGF0YV8QaC4uLy4uLy4uLy4uLy4uL0xpYnJhcnkvTW9iaWxlIERvY3VtZW50cy9jb21+YXBwbGV+Q2xvdWREb2NzL01hc3RlciBUaGVzaXMvUGFwZXJzL0d1YmJpX0lvVF8xMjA3LjAyMDMucGRm0hcLGBlXTlMuZGF0YU8RAiIAAAAAAiIAAgAADE1hY2ludG9zaCBIRAAAAAAAAAAAAAAAAAAAANBnJ2BIKwAAACXjkxdHdWJiaV9Jb1RfMTIwNy4wMjAzLnBkZgAAAAAAAAAAAAAAAAAAAAAAAAAAAAAAAAAAAAAAAAAAAAAAAAAAAAAAJhaN0H5bnQAAAAAAAAAAAAUABgAACSAAAAAAAAAAAAAAAAAAAAAGUGFwZXJzABAACAAA0GcZUAAAABEACAAA0H5bnQAAAAEAHAAl45MAJeNJAAYxYAAGL7kABigJAAYoBAACk6EAAgB6TWFjaW50b3NoIEhEOlVzZXJzOgBNYXJjdXM6AExpYnJhcnk6AE1vYmlsZSBEb2N1bWVudHM6AGNvbX5hcHBsZX5DbG91ZERvY3M6AE1hc3RlciBUaGVzaXM6AFBhcGVyczoAR3ViYmlfSW9UXzEyMDcuMDIwMy5wZGYADgAwABcARwB1AGIAYgBpAF8ASQBvAFQAXwAxADIAMAA3AC4AMAAyADAAMwAuAHAAZABmAA8AGgAMAE0AYQBjAGkAbgB0AG8AcwBoACAASABEABIAZlVzZXJzL01hcmN1cy9MaWJyYXJ5L01vYmlsZSBEb2N1bWVudHMvY29tfmFwcGxlfkNsb3VkRG9jcy9NYXN0ZXIgVGhlc2lzL1BhcGVycy9HdWJiaV9Jb1RfMTIwNy4wMjAzLnBkZgATAAEvAAAVAAIADf//AACABtIbHB0eWiRjbGFzc25hbWVYJGNsYXNzZXNdTlNNdXRhYmxlRGF0YaMdHyBWTlNEYXRhWE5TT2JqZWN00hscIiNcTlNEaWN0aW9uYXJ5oiIgXxAPTlNLZXllZEFyY2hpdmVy0SYnVHJvb3SAAQAIABEAGgAjAC0AMgA3AEAARgBNAFUAYABnAGoAbABuAHEAcwB1AHcAhACOAPkA/gEGAywDLgMzAz4DRwNVA1kDYANpA24DewN+A5ADkwOYAAAAAAAAAgEAAAAAAAAAKAAAAAAAAAAAAAAAAAAAA5o=}}

@inproceedings{petrolo2014towards,
	Author = {Petrolo, Riccardo and Loscr{\`\i}, Valeria and Mitton, Nathalie},
	Booktitle = {Proceedings of the 2014 ACM international workshop on Wireless and mobile technologies for smart cities},
	Date-Added = {2014-11-18 15:32:24 +0000},
	Date-Modified = {2014-11-18 15:32:24 +0000},
	Organization = {ACM},
	Pages = {61--66},
	Title = {Towards a smart city based on cloud of things},
	Year = {2014},
	Bdsk-File-1 = {YnBsaXN0MDDUAQIDBAUGJCVYJHZlcnNpb25YJG9iamVjdHNZJGFyY2hpdmVyVCR0b3ASAAGGoKgHCBMUFRYaIVUkbnVsbNMJCgsMDxJXTlMua2V5c1pOUy5vYmplY3RzViRjbGFzc6INDoACgAOiEBGABIAFgAdccmVsYXRpdmVQYXRoWWFsaWFzRGF0YV8QYC4uLy4uLy4uLy4uLy4uL0xpYnJhcnkvTW9iaWxlIERvY3VtZW50cy9jb21+YXBwbGV+Q2xvdWREb2NzL01hc3RlciBUaGVzaXMvUGFwZXJzL3A2MS1wZXRyb2xvLnBkZtIXCxgZV05TLmRhdGFPEQICAAAAAAICAAIAAAxNYWNpbnRvc2ggSEQAAAAAAAAAAAAAAAAAAADQZydgSCsAAAAl45MPcDYxLXBldHJvbG8ucGRmAAAAAAAAAAAAAAAAAAAAAAAAAAAAAAAAAAAAAAAAAAAAAAAAAAAAAAAAAAAAAAAAACYJJ9B/tMQAAAAAAAAAAAAFAAYAAAkgAAAAAAAAAAAAAAAAAAAABlBhcGVycwAQAAgAANBnGVAAAAARAAgAANB/tMQAAAABABwAJeOTACXjSQAGMWAABi+5AAYoCQAGKAQAApOhAAIAck1hY2ludG9zaCBIRDpVc2VyczoATWFyY3VzOgBMaWJyYXJ5OgBNb2JpbGUgRG9jdW1lbnRzOgBjb21+YXBwbGV+Q2xvdWREb2NzOgBNYXN0ZXIgVGhlc2lzOgBQYXBlcnM6AHA2MS1wZXRyb2xvLnBkZgAOACAADwBwADYAMQAtAHAAZQB0AHIAbwBsAG8ALgBwAGQAZgAPABoADABNAGEAYwBpAG4AdABvAHMAaAAgAEgARAASAF5Vc2Vycy9NYXJjdXMvTGlicmFyeS9Nb2JpbGUgRG9jdW1lbnRzL2NvbX5hcHBsZX5DbG91ZERvY3MvTWFzdGVyIFRoZXNpcy9QYXBlcnMvcDYxLXBldHJvbG8ucGRmABMAAS8AABUAAgAN//8AAIAG0hscHR5aJGNsYXNzbmFtZVgkY2xhc3Nlc11OU011dGFibGVEYXRhox0fIFZOU0RhdGFYTlNPYmplY3TSGxwiI1xOU0RpY3Rpb25hcnmiIiBfEA9OU0tleWVkQXJjaGl2ZXLRJidUcm9vdIABAAgAEQAaACMALQAyADcAQABGAE0AVQBgAGcAagBsAG4AcQBzAHUAdwCEAI4A8QD2AP4DBAMGAwsDFgMfAy0DMQM4A0EDRgNTA1YDaANrA3AAAAAAAAACAQAAAAAAAAAoAAAAAAAAAAAAAAAAAAADcg==}}

@inproceedings{zhou2013cloudthings,
	Author = {Zhou, Jiehan and Leppanen, Teemu and Harjula, Erkki and Ylianttila, Mika and Ojala, Timo and Yu, Chen and Jin, Hai},
	Booktitle = {Computer Supported Cooperative Work in Design (CSCWD), 2013 IEEE 17th International Conference on},
	Date-Added = {2014-11-18 15:28:18 +0000},
	Date-Modified = {2014-11-18 15:28:18 +0000},
	Organization = {IEEE},
	Pages = {651--657},
	Title = {Cloudthings: A common architecture for integrating the internet of things with cloud computing},
	Year = {2013},
	Bdsk-File-1 = {YnBsaXN0MDDUAQIDBAUGJCVYJHZlcnNpb25YJG9iamVjdHNZJGFyY2hpdmVyVCR0b3ASAAGGoKgHCBMUFRYaIVUkbnVsbNMJCgsMDxJXTlMua2V5c1pOUy5vYmplY3RzViRjbGFzc6INDoACgAOiEBGABIAFgAdccmVsYXRpdmVQYXRoWWFsaWFzRGF0YV8QMC4uLy4uLy4uLy4uLy4uL0RvY3VtZW50cy9QYXBlcnMvY2xvdWQtdGhpbmdzLnBkZtIXCxgZV05TLmRhdGFPEQGWAAAAAAGWAAIAAAxNYWNpbnRvc2ggSEQAAAAAAAAAAAAAAAAAAADQZydgSCsAAAA5TiUQY2xvdWQtdGhpbmdzLnBkZgAAAAAAAAAAAAAAAAAAAAAAAAAAAAAAAAAAAAAAAAAAAAAAAAAAAAAAAAAAAAAAADf7KNB/s7sAAAAAAAAAAAAFAAMAAAkgAAAAAAAAAAAAAAAAAAAABlBhcGVycwAQAAgAANBnGVAAAAARAAgAANB/s7sAAAABABAAOU4lAAYoBQAGKAQAApOhAAIAP01hY2ludG9zaCBIRDpVc2VyczoATWFyY3VzOgBEb2N1bWVudHM6AFBhcGVyczoAY2xvdWQtdGhpbmdzLnBkZgAADgAiABAAYwBsAG8AdQBkAC0AdABoAGkAbgBnAHMALgBwAGQAZgAPABoADABNAGEAYwBpAG4AdABvAHMAaAAgAEgARAASAC5Vc2Vycy9NYXJjdXMvRG9jdW1lbnRzL1BhcGVycy9jbG91ZC10aGluZ3MucGRmABMAAS8AABUAAgAN//8AAIAG0hscHR5aJGNsYXNzbmFtZVgkY2xhc3Nlc11OU011dGFibGVEYXRhox0fIFZOU0RhdGFYTlNPYmplY3TSGxwiI1xOU0RpY3Rpb25hcnmiIiBfEA9OU0tleWVkQXJjaGl2ZXLRJidUcm9vdIABAAgAEQAaACMALQAyADcAQABGAE0AVQBgAGcAagBsAG4AcQBzAHUAdwCEAI4AwQDGAM4CaAJqAm8CegKDApEClQKcAqUCqgK3AroCzALPAtQAAAAAAAACAQAAAAAAAAAoAAAAAAAAAAAAAAAAAAAC1g==}}
